@Book{xie2015,
  title = {Dynamic Documents with {R} and knitr},
  author = {Yihui Xie},
  publisher = {Chapman and Hall/CRC},
  address = {Boca Raton, Florida},
  year = {2015},
  edition = {2nd},
  note = {ISBN 978-1498716963},
  url = {http://yihui.name/knitr/},
}

@Manual{R-base,
  title = {R: A Language and Environment for Statistical
    Computing},
  author = {{R Core Team}},
  organization = {R Foundation for Statistical Computing},
  address = {Vienna, Austria},
  year = {2017},
  url = {https://www.R-project.org/},
}

@Book{mar2015,
  title = {Big Data: Using SMART Big Data, Analytics and Metrics To Make Better Decisions and Improve Performance},
  author = {Bernard Marr},
  publisher = {John Wiley \& Sons},
  year = {2017},
  note = {ISBN : 978-1118965832},
}

@Book{rdc2017,
  title = {R for Data Science},
  author = {Garrett Grolemund, Hadley Wickham},
  publisher = {O Reilly},
  year = {2017},
  note = {ISBN : 978-1491910399},
  url = {http://r4ds.had.co.nz/index.html},
}

@Book{isl2014,
  title = {An Introduction to Statistical Learning, with Applications in R},
  author = {Gareth James, Daniela Witten, Trevor Hastie, Robert Tibshirani},
  publisher = {Springer},
  year = {2014},
  note = {ISBN : 978-1461471387},
  url = {http://www-bcf.usc.edu/~gareth/ISL/index.html},
}

